% Encoding: UTF-8

@Misc{palestra2018,
  author = {Danilo Chammas and Kayla Lazarini},
  title  = {Os desafios e perspectivas dos moradores e moradoras de Piquiá para superar as violações de direitos provocadas pela indústria de mineração e da siderurgia},
  year   = {2018},
  note   = {Palestra ministrada em 22-10-2018},
}

@InCollection{mendes2012,
  author     = {Constantino Cronemberger Mendes},
  title      = {O territ{\'o}rio e o arranjo federativo para o desenvolvimento brasileiro: o caso do {Nordeste}},
  booktitle  = {Federalismo {\`a} brasileira: quest{\~o}es para discuss{\~a}o},
  publisher  = {Instituto de Pesquisa Econômica Aplicada -- Ipea},
  year       = {2012},
  editor     = {Paulo de Tarso Frazão Linhares and Constantino Cronemberger Mendes and Antonio Lassance},
  volume     = {8},
  pages      = {89--111},
  editortype = {Org.},
  pagetotal  = {249},
  url        = {http://repositorio.ipea.gov.br/handle/11058/3082},
}

@InBook{machado2009,
  chapter   = {2},
  pages     = {51--68; 100--116},
  title     = {Gest{\~a}o metropolitana e autonomia municipal: dilemas das transa{\c{c}}{\~o}es federativas},
  publisher = {Editora PUC Minas},
  year      = {2009},
  author    = {Gustavo Gomes Machado},
  pagetotal = {176},
}

@Article{buarque2003,
  author    = {Buarque, S{\'e}rgio C},
  title     = {Metodologia e t{\'e}cnicas de constru{\c{c}}{\~a}o de cen{\'a}rios globais e regionais},
  year      = {2003},
  publisher = {Instituto de Pesquisa Econ{\^o}mica Aplicada (Ipea)},
  url       = {http://www.ipea.gov.br/portal/index.php?option=com_content&view=article&id=4485},
}

@Comment{jabref-meta: databaseType:bibtex;}
